<record xmlns="http://www.loc.gov/MARC21/slim" xmlns:xsi="http://www.w3.org/2001/XMLSchema-instance" xsi:schemaLocation="http://www.loc.gov/MARC21/slim http://www.loc.gov/standards/marcxml/schema/MARC21slim.xsd">

  <leader>00513nam a2200169Ia 4500</leader>
  <datafield ind1=" " ind2=" " tag="999">
    <subfield code="c">1062</subfield>
    <subfield code="d">1062</subfield>
  </datafield>
  <controlfield tag="008">180528b1997    cr ||||| |||| 00| 0 spa d</controlfield>
  <datafield ind2=" " tag="020" ind1=" ">
    <subfield code="a">9977-67-480-9</subfield>
  </datafield>
  <datafield ind1=" " tag="090" ind2=" ">
    <subfield code="a">05.03.07 </subfield>
    <subfield code="b">1071</subfield>
  </datafield>
  <datafield ind1=" " ind2=" " tag="100">
    <subfield code="a">Macaya Trejos, Emilia</subfield>
    <subfield code="9">3676</subfield>
  </datafield>
  <datafield ind2="0" tag="245" ind1="1">
    <subfield code="a">Espiritu en carne altiva / </subfield>
    <subfield code="c">Emilia Macaya Trejos</subfield>
  </datafield>
  <datafield tag="260" ind2=" " ind1=" ">
    <subfield code="a">San José, C.R. : </subfield>
    <subfield code="b">Editorial de la Universidad de Costa Rica, </subfield>
    <subfield code="c">1997</subfield>
  </datafield>
  <datafield tag="300" ind2=" " ind1=" ">
    <subfield code="a">189 páginas</subfield>
  </datafield>
  <datafield tag="600" ind2="4" ind1=" ">
    <subfield code="9">3677</subfield>
    <subfield code="a">OREAMUNO YOLANDA</subfield>
  </datafield>
  <datafield ind1="1" ind2="4" tag="650">
    <subfield code="a">FEMINISMO</subfield>
    <subfield code="9">324</subfield>
  </datafield>
  <datafield ind2="4" tag="650" ind1="1">
    <subfield code="a">MUJERES</subfield>
    <subfield code="9">55</subfield>
  </datafield>
  <datafield ind1=" " tag="942" ind2=" ">
    <subfield code="2">z</subfield>
    <subfield code="c">01</subfield>
  </datafield>
</record>